
@misc{CodeForPaper,
  doi = {10.5281/zenodo.12205008},
  url = {https://zenodo.org/record/12205008},
  author = {Schr\"oder, Gijs and Textor,  Johannes},
  title = {Population-Based Algorithms Built on Weighted Automata (Implementation)},
  publisher = {Zenodo},
  howpublished = {Zenodo},
  year = {2024}
}



@article{Urbanowicz2009,
  title = {Learning Classifier Systems: A Complete Introduction,  Review,  and Roadmap},
  volume = {2009},
  ISSN = {1687-6237},
  DOI = {10.1155/2009/736398},
  journal = {Journal of Artificial Evolution and Applications},
  publisher = {Hindawi Limited},
  author = {Urbanowicz,  Ryan J. and Moore,  Jason H.},
  year = {2009},
  month = sep,
  pages = {1–25}
}

@article{Blum_2003,
 title={Metaheuristics in combinatorial optimization: Overview and conceptual comparison},
 volume={35},
 ISSN={1557-7341},
 DOI={10.1145/937503.937505},
 number={3},
 journal={ACM Computing Surveys},
 publisher={Association for Computing Machinery (ACM)},
 author={Blum, Christian and Roli, Andrea},
 year={2003},
 month=sep, pages={268–308} 
}

@inproceedings{mitchell1992,
author = {Mitchell, David and Selman, Bart and Levesque, Hector},
title = {Hard and easy distributions of SAT problems},
year = {1992},
isbn = {0262510634},
publisher = {AAAI Press},
abstract = {We report results from large-scale experiments in satisfiability testing. As has been observed by others, testing the satisfiability of random formulas often appears surprisingly easy. Here we show that by using the right distribution of instances, and appropriate parameter values, it is possible to generate random formulas that are hard, that is, for which satisfiability testing is quite difficult. Our results provide a benchmark for the evaluation of satisfiability-testing procedures.},
booktitle = {Proceedings of the Tenth National Conference on Artificial Intelligence},
pages = {459–465},
numpages = {7},
location = {San Jose, California},
series = {AAAI'92}
}

@article{Martin_2001,
 title={Statistical mechanics methods and phase transitions in optimization problems},
 volume={265},
 ISSN={0304-3975},
 DOI={10.1016/s0304-3975(01)00149-9},
 number={1–2},
 journal={Theoretical Computer Science},
 publisher={Elsevier BV},
 author={Martin, Olivier C. and Monasson, Rémi and Zecchina, Riccardo},
 year={2001},
 month=aug, pages={3–67}
}

@article{Sisson2007,
  title = {Sequential Monte Carlo without likelihoods},
  volume = {104},
  ISSN = {1091-6490},
  url = {http://dx.doi.org/10.1073/pnas.0607208104},
  DOI = {10.1073/pnas.0607208104},
  number = {6},
  journal = {Proceedings of the National Academy of Sciences},
  publisher = {Proceedings of the National Academy of Sciences},
  author = {Sisson,  S. A. and Fan,  Y. and Tanaka,  Mark M.},
  year = {2007},
  month = feb,
  pages = {1760–1765}
}

@inproceedings{openfst,
  title={OpenFst: A general and efficient weighted finite-state transducer library},
  author={Allauzen, Cyril and Riley, Michael and Schalkwyk, Johan and Skut, Wojciech and Mohri, Mehryar},
  booktitle={International Conference on Implementation and Application of Automata},
  pages={11--23},
  year={2007},
  organization={Springer}
}

@article{Borisovsky_2008,
 title={Comparing evolutionary algorithms to the (1+1)-EA},
 volume={403},
 ISSN={0304-3975},
 DOI={10.1016/j.tcs.2008.03.008},
 number={1},
 journal={Theoretical Computer Science},
 publisher={Elsevier BV},
 author={Borisovsky, P.A. and Eremeev, A.V.},
 year={2008},
 month=aug, pages={33–41}
}

@article{Droste_2002,
 title={On the analysis of the (1+1) evolutionary algorithm},
 volume={276},
 ISSN={0304-3975},
 DOI={10.1016/s0304-3975(01)00182-7},
 number={1–2},
 journal={Theoretical Computer Science},
 publisher={Elsevier BV},
 author={Droste, Stefan and Jansen, Thomas and Wegener, Ingo},
 year={2002},
 month=apr, pages={51–81}
}

@article{KevinLanctot2003,
  title = {Distinguishing string selection problems},
  volume = {185},
  ISSN = {0890-5401},
  DOI = {10.1016/s0890-5401(03)00057-9},
  number = {1},
  journal = {Information and Computation},
  publisher = {Elsevier BV},
  author = {Kevin Lanctot,  J. and Li,  Ming and Ma,  Bin and Wang,  Shaojiu and Zhang,  Louxin},
  year = {2003},
  month = aug,
  pages = {41–55}
}

@inproceedings{
  Textor2012,
  doi = {10.1007/978-3-642-33757-4_3},
  author = {Johannes Textor},
  title = {A Comparative Study of Negative Selection Based Anomaly Detection in Sequence Data},
  booktitle = {Proceedings of the 11th International Conference on Artificial Immune Systems (ICARIS '12)},
  volume = {7597},
  series = {Lecture Notes in Computer Science}, 
  pages = {28--41},
  publisher = {Springer},
  OPTnote={(field rank: 54/361)},
  year = {2012}
}

@article{Davis2015,
 title={Not-So-Negative Selection},
 volume={43},
 ISSN={1074-7613},
 DOI={10.1016/j.immuni.2015.11.002},
 number={5},
 journal={Immunity},
 publisher={Elsevier BV},
 author={Davis, Mark M.},
 year={2015},
 month={Nov},
 pages={833–835} }

@techreport{Dunning1996,
author = {Dunning, Ted},
year = {1994},
month = {March},
title = {Statistical Identification of Language},
institution = {New Mexico State University},
number = {MCCS 94-273}
}

@article{
 Blattman2002,
 title={Estimating the Precursor Frequency of Naive Antigen-specific CD8 T Cells},
 volume={195},
 ISSN={0022-1007},
 DOI={10.1084/jem.20001021},
 number={5},
 journal={Journal of Experimental Medicine},
 publisher={Rockefeller University Press},
 author={Blattman, Joseph N. and Antia, Rustom and Sourdive, David J.D. and Wang, Xiaochi and Kaech, Susan M. and Murali-Krishna, Kaja and Altman, John D. and Ahmed, Rafi},
 year={2002},
 month={Mar},
 pages={657–664}
}

@phdthesis{Stibor2006,
	title={On the Appropriateness of Negative Selection for Anomaly Detection and Network Intrusion Detection},
	school={University of Darmstadt},
	author={Thomas Stibor},
	year={2006}
}


@inproceedings{Textor2014,
  title={A generic finite automata based approach to implementing lymphocyte repertoire models},
  author={Textor, Johannes and Dannenberg, Katharina and Li{\'s}kiewicz, Macie},
  booktitle={Proceedings of the 2014 Annual Conference on Genetic and Evolutionary Computation},
  pages={129--136},
  year={2014}
}
@article{mohri2005,
  title={Weighted automata in text and speech processing},
  author={Mohri, Mehryar and Pereira, Fernando and Riley, Michael},
  journal={arXiv preprint cs/0503077},
  year={2005}
}


@inproceedings{skut2004,
    title = "Incremental Construction of Minimal Acyclic Sequential Transducers from Unsorted Data",
    author = "Skut, Wojciech",
    booktitle = "{COLING} 2004: Proceedings of the 20th International Conference on Computational Linguistics",
    month = "aug 23{--}aug 27",
    year = "2004",
    address = "Geneva, Switzerland",
    publisher = "COLING",
    url = "https://aclanthology.org/C04-1003",
    pages = "15--21",
}

@inproceedings{
  Liskiewicz2010,
  title = {Negative Selection Algorithms Without Generating Detectors},
  author = {Maciej Li\'{s}kiewicz and Johannes Textor},
  booktitle = {Proceedings of Genetic and Evolutionary Computation Conference (GECCO 2010)} ,
  year = {2010},
  publisher = {ACM},
  pages = {1047--1054},
  OPTnote={(field rank: 13/361)},
  doi = {10.1145/1830483.1830673},
}

@article{
  Elhanati2014,
 title={Quantifying selection in immune receptor repertoires},
 volume={111},
 ISSN={1091-6490},
 DOI={10.1073/pnas.1409572111},
 number={27},
 journal={Proceedings of the National Academy of Sciences},
 publisher={Proceedings of the National Academy of Sciences},
 author={Elhanati, Yuval and Murugan, Anand and Callan, Curtis G. and Mora, Thierry and Walczak, Aleksandra M.},
 year={2014},
 month={Jun},
 pages={9875–9880}
}

@article{Wilson1994,
 title={ZCS: A Zeroth Level Classifier System},
 volume={2},
 ISSN={1530-9304},
 DOI={10.1162/evco.1994.2.1.1},
 number={1},
 journal={Evolutionary Computation},
 publisher={MIT Press - Journals},
 author={Wilson, Stewart W.},
 year={1994},
 month={Mar},
 pages={1–18} }

@inproceedings{Stibor2005,
  doi = {10.1145/1068009.1068061},
  url = {https://doi.org/10.1145/1068009.1068061},
  year = {2005},
  month = jun,
  publisher = {{ACM}},
  author = {Thomas Stibor and Philipp Mohr and Jonathan Timmis and Claudia Eckert},
  title = {Is negative selection appropriate for anomaly detection?},
  booktitle = {Proceedings of the 7th annual conference on Genetic and evolutionary computation}
}

@inbook{Timmis2004,
  title = {An Overview of Artificial Immune Systems},
  ISBN = {9783662063699},
  ISSN = {1619-7127},
  DOI = {10.1007/978-3-662-06369-9_4},
  booktitle = {Computation in Cells and Tissues},
  publisher = {Springer Berlin Heidelberg},
  author = {Timmis,  J. and Knight,  T. and de Castro,  L. N. and Hart,  E.},
  year = {2004},
  pages = {51–91}
}

@article{Blum2005,
  title = {Ant colony optimization: Introduction and recent trends},
  volume = {2},
  ISSN = {1571-0645},
  DOI = {10.1016/j.plrev.2005.10.001},
  number = {4},
  journal = {Physics of Life Reviews},
  publisher = {Elsevier BV},
  author = {Blum,  Christian},
  year = {2005},
  month = dec,
  pages = {353–373}
}

@inproceedings{Dhaeseleer1996,
  year = {1996},
  doi = {10.1109/secpri.1996.502674},
  url = {https://doi.org/10.1109/secpri.1996.502674},
  publisher = {{IEEE} Comput. Soc. Press},
  author = {P. D{\textquotesingle}haeseleer and S. Forrest and P. Helman},
  title = {An immunological approach to change detection: algorithms,  analysis and implications},
  booktitle = {Proceedings 1996 {IEEE} Symposium on Security and Privacy}
}

@inproceedings{Dhaeseleer1996b,
  year=1996,
  doi = {10.1109/csfw.1996.503687},
  url = {https://doi.org/10.1109/csfw.1996.503687},
  publisher = {{IEEE} Comput. Soc. Press},
  author = {P. D{\textquotesingle}haeseleer},
  title = {An immunological approach to change detection: theoretical results},
  booktitle = {Proceedings 9th {IEEE} Computer Security Foundations Workshop}
}

@inproceedings{Schoning99,
 series={SFCS-99},
 title={A probabilistic algorithm for k-SAT and constraint satisfaction problems},
 url={http://dx.doi.org/10.1109/SFFCS.1999.814612},
 DOI={10.1109/sffcs.1999.814612},
 booktitle={40th Annual Symposium on Foundations of Computer Science (Cat. No.99CB37039)},
 publisher={IEEE Comput. Soc},
 author={Schoning, T.},
 collection={SFCS-99} }

@inbook{Elberfeld_2009,
 title={Efficient Algorithms for String-Based Negative Selection},
 ISBN={9783642032462},
 ISSN={1611-3349},
 DOI={10.1007/978-3-642-03246-2_14},
 booktitle={Artificial Immune Systems},
 publisher={Springer Berlin Heidelberg},
 author={Elberfeld, Michael and Textor, Johannes},
 year={2009},
 pages={109–121}
}

@article{Timmis2008,
 title={Theoretical advances in artificial immune systems},
 volume={403},
 ISSN={0304-3975},
 DOI={10.1016/j.tcs.2008.02.011},
 number={1},
 journal={Theoretical Computer Science},
 publisher={Elsevier BV},
 author={Timmis, J. and Hone, A. and Stibor, T. and Clark, E.},
 year={2008},
 month={Aug},
 pages={11–32} }

@Article{
    Elberfeld2011,
    author    = {Michael Elberfeld and Johannes Textor},
    title = {Negative Selection Algorithms on Strings with Efficient Training and Linear-Time Classification},
    journal = {Theoretical Computer Science},
    year = {2011},
    volume = {412},
    issue = {6},
    pages = {534--542},
    doi = {10.1016/j.tcs.2010.09.022},
    OPTnote = {(IF: 0.5)}
}

@article{Wortel2020t,
  title={Is {T} Cell Negative Selection a Learning Algorithm?},
  author={Wortel, Inge MN and Ke{\c{s}}mir, Can and de Boer, Rob J and Mandl, Judith N and Textor, Johannes},
  journal={Cells},
  volume={9},
  number={3},
  pages={690},
  year={2020},
  publisher={MDPI}
}

@inproceedings{Forrest1994,
  year = {1994},
  doi = {10.1109/risp.1994.296580},
  url = {https://doi.org/10.1109/risp.1994.296580},
  publisher = {{IEEE} Comput. Soc. Press},
  author = {S. Forrest and A.S. Perelson and L. Allen and R. Cherukuri},
  title = {Self-nonself discrimination in a computer},
  booktitle = {Proceedings of 1994 {IEEE} Computer Society Symposium on Research in Security and Privacy}
}


@article{Zarnitsyna2013,
 title={Estimating the Diversity, Completeness, and Cross-Reactivity of the T Cell Repertoire},
 volume={4},
 ISSN={1664-3224},
 DOI={10.3389/fimmu.2013.00485},
 journal={Frontiers in Immunology},
 publisher={Frontiers Media SA},
 author={Zarnitsyna, Veronika I. and Evavold, Brian D. and Schoettle, Louis N. and Blattman, Joseph N. and Antia, Rustom},
 year={2013}
}


@article{Percus1993,
 title={Predicting the size of the T-cell receptor and antibody combining region from consideration of efficient self-nonself discrimination.},
 volume={90},
 ISSN={1091-6490},
 DOI={10.1073/pnas.90.5.1691},
 number={5},
 journal={Proceedings of the National Academy of Sciences},
 publisher={Proceedings of the National Academy of Sciences},
 author={Percus, J K and Percus, O E and Perelson, A S},
 year={1993},
 month={Mar},
 pages={1691–1695} }


@inproceedings{Forrest1990,
 year=1990,
 title={Genetic algorithms and the immune system},
 ISBN={3540541489},
 DOI={10.1007/bfb0029771},
 series={Lecture Notes in Computer Science},
 publisher={Springer-Verlag},
 author={Forrest, Stephanie and Perelson, Alan S.},
 booktitle={Parallel Problem Solving from Nature. PPSN 1990},
 pages={319–325}
} 


@article{
 Davis1988,
 title={T-cell antigen receptor genes and T-cell recognition},
 volume={334},
 ISSN={1476-4687},
 DOI={10.1038/334395a0},
 number={6181},
 journal={Nature},
 publisher={Springer Science and Business Media LLC},
 author={Davis, Mark M. and Bjorkman, Pamela J.},
 year={1988},
 month={Aug},
 pages={395–402}
}

@article{Revuz1992,
  title={Minimisation of acyclic deterministic automata in linear time},
  author={Revuz, Dominique},
  journal={Theoretical Computer Science},
  volume={92},
  number={1},
  pages={181--189},
  year={1992},
  publisher={Elsevier}
}

@article{Gurtovoy2002,
  title={The Boost C++ metaprogramming library},
  author={Gurtovoy, Aleksey and Abrahams, David},
  journal={cit. on},
  pages={22},
  year={2002}
}

@inproceedings{Eisner2003,
  title={Simpler and more general minimization for weighted finite-state automata},
  author={Eisner, Jason},
  booktitle={Proceedings of the 2003 Human Language Technology Conference of the North American Chapter of the Association for Computational Linguistics},
  pages={64--71},
  year={2003}
}

@article{Mohri1996,
  title={On some applications of finite-state automata theory to natural language processing},
  author={Mohri, Mehryar},
  journal={Natural Language Engineering},
  volume={2},
  number={1},
  pages={61--80},
  year={1996},
  publisher={Cambridge University Press}
}

@article{Hoos2000,
  title={SATLIB: An online resource for research on SAT},
  author={Hoos, Holger H and St{\"u}tzle, Thomas},
  journal={Sat},
  volume={2000},
  pages={283--292},
  year={2000}
}

@inproceedings{Cheeseman1991,
  title={Where the really hard problems are.},
  author={Cheeseman, Peter C and Kanefsky, Bob and Taylor, William M and others},
  booktitle={Ijcai},
  volume={91},
  pages={331--337},
  year={1991}
}

@article{Kirkpatrick1994,
  title={Critical behavior in the satisfiability of random boolean expressions},
  author={Kirkpatrick, Scott and Selman, Bart},
  journal={Science},
  volume={264},
  number={5163},
  pages={1297--1301},
  year={1994},
  publisher={American Association for the Advancement of Science}
}

@article{Weise2016,
  title={Global versus local search: the impact of population sizes on evolutionary algorithm performance},
  author={Weise, Thomas and Wu, Yuezhong and Chiong, Raymond and Tang, Ke and L{\"a}ssig, J{\"o}rg},
  journal={Journal of Global Optimization},
  volume={66},
  pages={511--534},
  year={2016},
  publisher={Springer}
}

@inproceedings{Jansen2001,
  title={On the utility of populations in evolutionary algorithms},
  author={Jansen, Thomas and Wegener, Ingo and Kaufmann, PM},
  booktitle={Proceedings of the Genetic and Evolutionary Computation Conference (GECCO)},
  pages={1034--1041},
  year={2001},
  organization={Citeseer}
}

@article{Aleti2016,
  title={A systematic literature review of adaptive parameter control methods for evolutionary algorithms},
  author={Aleti, Aldeida and Moser, Irene},
  journal={ACM Computing Surveys (CSUR)},
  volume={49},
  number={3},
  pages={1--35},
  year={2016},
  publisher={ACM New York, NY, USA}
}

@book{Futuyma2017,
title={Evolution},
author={Futuyma, Douglas J and Kirkpatrick, Mark},
year={2017},
publisher={Sunderland, Massachusetts: Sinauer Associates, Inc.},
note={Fourth edition}
}

@article{Pennel2014,
  title={Is there room for punctuated equilibrium in macroevolution?},
  author={Pennell, Matthew W and Harmon, Luke J and Uyeda, Josef C},
  journal={Trends in ecology \& evolution},
  volume={29},
  number={1},
  pages={23--32},
  year={2014},
  publisher={Elsevier}
}

@inproceedings{Fogel1995,
  title={An Evolutionary Programming Approach to Self-Adaptation on Finite State Machines.},
  author={Fogel, Lawrence J and Angeline, Peter J and Fogel, David B},
  booktitle={Evolutionary Programming},
  pages={355--365},
  year={1995}
}

@article{Alvarez2011,
  title={Human gait modeling using a genetic fuzzy finite state machine},
  author={Alvarez-Alvarez, Alberto and Trivino, Gracian and Cordon, Oscar},
  journal={IEEE Transactions on Fuzzy Systems},
  volume={20},
  number={2},
  pages={205--223},
  year={2011},
  publisher={IEEE}
}

@inproceedings{Masek2018,
  title={Discovering emergent agent behaviour with evolutionary finite state machines},
  author={Masek, Martin and Lam, Chiou Peng and Benke, Lyndon and Kelly, Luke and Papasimeon, Michael},
  booktitle={International conference on principles and practice of multi-agent systems},
  pages={19--34},
  year={2018},
  organization={Springer}
}


@article{Gad2022,
  title = {Particle Swarm Optimization Algorithm and Its Applications: A Systematic Review},
  volume = {29},
  ISSN = {1886-1784},
  DOI = {10.1007/s11831-021-09694-4},
  number = {5},
  journal = {Archives of Computational Methods in Engineering},
  publisher = {Springer Science and Business Media LLC},
  author = {Gad,  Ahmed G.},
  year = {2022},
  month = apr,
  pages = {2531–2561}
}

@ARTICLE{Dorigo2006,
  author={Dorigo, Marco and Birattari, Mauro and Stutzle, Thomas},
  journal={IEEE Computational Intelligence Magazine}, 
  title={Ant colony optimization}, 
  year={2006},
  volume={1},
  number={4},
  pages={28-39},
  doi={10.1109/MCI.2006.329691}
}



@book{Jansen2013,
author = {Jansen, Thomas},
title = {Analyzing Evolutionary Algorithms: The Computer Science Perspective},
year = {2013},
isbn = {3642173381},
publisher = {Springer Publishing Company, Incorporated},
abstract = {Evolutionary algorithms is a class of randomized heuristics inspired by natural evolution. They are applied in many different contexts, in particular in optimization, and analysis of such algorithms has seen tremendous advances in recent years. In this book the author provides an introduction to the methods used to analyze evolutionary algorithms and other randomized search heuristics. He starts with an algorithmic and modular perspective and gives guidelines for the design of evolutionary algorithms. He then places the approach in the broader research context with a chapter on theoretical perspectives. By adopting a complexity-theoretical perspective, he derives general limitations for black-box optimization, yielding lower bounds on the performance of evolutionary algorithms, and then develops general methods for deriving upper and lower bounds step by step. This main part is followed by a chapter covering practical applications of these methods. The notational and mathematical basics are covered in an appendix, the results presented are derived in detail, and each chapter ends with detailed comments and pointers to further reading. So the book is a useful reference for both graduate students and researchers engaged with the theoretical analysis of such algorithms.}
}

@inproceedings{Ronald1997,
  title={Robust encodings in genetic algorithms: A survey of encoding issues},
  author={Ronald, Simon},
  booktitle={Proceedings of 1997 IEEE International Conference on Evolutionary Computation (ICEC'97)},
  pages={43--48},
  year={1997},
  organization={IEEE}
}

@book{Rothlauf2006,
  title={Representations for genetic and evolutionary algorithms},
  author={Rothlauf, Franz and Rothlauf, Franz},
  year={2006},
  publisher={Springer}
}

@article{Harik1999,
  title={The compact genetic algorithm},
  author={Harik, Georges R and Lobo, Fernando G and Goldberg, David E},
  journal={IEEE transactions on evolutionary computation},
  volume={3},
  number={4},
  pages={287--297},
  year={1999},
  publisher={IEEE}
}

@incollection{Baluja1995,
  title={Removing the genetics from the standard genetic algorithm},
  author={Baluja, Shumeet and Caruana, Rich},
  booktitle={Machine Learning Proceedings 1995},
  pages={38--46},
  year={1995},
  publisher={Elsevier}
}

@article{Manso2009,
  title={Genetic algorithms using populations based on multisets},
  author={Manso, Ant{\'o}nio and Correia, Lu{\'\i}s},
  journal={New trends in artificial intelligence, EPIA},
  volume={2009},
  pages={53--64},
  year={2009}
}

@inproceedings{McKay2007,
  title={Using compression to understand the distribution of building blocks in genetic programming populations},
  author={McKay, Robert I and Shin, Jungseok and Hoang, Tuan Hao and Nguyen, Xuan Hoai and Mori, Naoki},
  booktitle={2007 IEEE Congress on Evolutionary Computation},
  pages={2501--2508},
  year={2007},
  organization={IEEE}
}

@article{Mohri2000,
  title={Minimization algorithms for sequential transducers},
  author={Mohri, Mehryar},
  journal={Theoretical Computer Science},
  volume={234},
  number={1-2},
  pages={177--201},
  year={2000},
  publisher={Elsevier}
}
